
@patent{
WangZL,
   Author = {王东举},
   Title = {{\LaTeX}{ZJU}学位论文模版},
   Year = {2010},
   Country = {中国},
   date = {2010-10-10},
   type = {技术型},
   number = {1234567},
   lang = {chinese}}




@standard{
WangStd,
   Author = {ZJUEE},
   Title = {{\LaTeXe}使用标准说明},
   Publisher = {鼠尾出版社},
   Year = {2010},
   Symbol = {WB2011},
   Address = {杭州},
   date = {2010-10-10},
   lang = {chinese}}




@Edoc{
ZLB:1997,
   Author = {张林波},
   Title = {{CCT DOS}版参考手册},
   Publisher = {中科院计算数学与科学工程计算研究所},
   Year = {1997},
   Address = {北京},
   URL = {http://www.url.com},
   lang = {chinese}}

@Edoc{
LaTeXshzh,
   Author = {{CTeX论坛}},
   Title = {一份不太简短的{\LaTeXe}介绍},
   Publisher = {中文{\TeX学会}},
   Year = {2007},
   Address = {中国},
   URL = {http://mirrors.ustc.edu.cn/CTAN/tex-archive/info/lshort},
   lang = {chinese}} 

@Edoc{
NewCCT:2006,
   Author = {张林波},
   Title = {关于新版{CCT}的说明},
   Publisher = {中国科学院数学与系统科学研究院},
   Year = {2006},
   Address = {中国},
   URL = {ftp://ftp.cc.ac.cn/pub/cct/README.pdf},
   lang = {chinese}}

@misc{
ZLB:2003,
   Author = {张林波},
   Title = {CCT的{\LaTeXe}中文文档类},
   Year = {2003},
   lang = {chinese}}




@misc{
Lapo:2007,
   Author = {Mori, Lapo Filippo},
   Title = {Tables in {\LaTeXe}: Packages and Methods},
   Year = {2007},
   lang = {chinese}}




@misc{
texbookzh,
   Author = {Knuth, Donald Ervin},
   Title = {The LaTeXbook},
   Publisher = {Addison-Wesley Publishing Company},
   Year = {1982},
   lang = {English}}




@misc{
Latexsh,
   Author = {Oetiker, Tobias},
   Title = {The not so short introduction to LaTeX},
   Year = {2003},
   lang = {chinese}}




@book{
texbook,
   Author = {Ervin, Knuth Donald and Robert, Bibby Duane},
   Title = {The TeXbook},
   Publisher = {Addison-Wesley Publishing Company},
   Address = {United States of America},
   Year = {1996},
   lang = {english}}




@article{
LUOZ:2007,
   Author = {罗振 and 田丰 and 孙小平 and 孙恩岩},
   Title = {基于{LATEX}的学位论文模板的设计与实现},
   Journal = {沈阳航空工业学院学报},
   Volume = {24},
   Number = {3},
   Pages = {45-48},
   Keywords = {LATEX; 学位论文; 模板},
   Year = {2007},
   lang = {chinese}}
   
@article{
Table:Lapo,
   Author = {Lapo Filippo Mori},
   Title = {Table in {\LaTeXe}: Packages and Methods},
   Journal = {The Prac{\TeX} Journal},
   Number = {1},
   Pages = {1-38},
   Year = {2007},
   lang = {english}}




@mastersthesis{
Wangmt:2008,
   Author = {王东举},
   Title = {我的测试硕士论文题目},
   School = {浙江大学},
   Address = {杭州},
   Year = {2008},
   lang = {chinese}}



@phdthesis{
Wang:2008,
   Author = {王东举},
   Title = {我的测试论文题目},
   School = {浙江大学},
   Address = {杭州},
   Year = {2008},
   lang = {chinese}}